@book{PNUD2014,
abstract = {IDH-2013-Relatório},
author = {PNUD},
institution = {PNUD-Programa das Nações Unidas para o Desenvolvimento},
isbn = {978-92-112-6340-4},
pages = {212},
title = {Relatório do Desenvolvimento Humano 2013},
year = {2014},
}
@book{Rui,
address = {Rio de Janeiro},
author = {Barbosa, Rui},
edition = {5},
isbn = {85-700-4187-X},
pages = {52},
publisher = {Casa Rui Barbosa},
title = {Oração aos moços},
year = {1999},
}
@book{Bobbio2007,
address = {Brasilia-DF},
author = {Bobbio, N. and Mateucci, N. and Pasquino, G.},
edition = {13},
isbn = {85-230-0309-6},
publisher = {Editora UNB},
title = {Dicionário de Política},
year = {2007},
volume = {1},
pages = {674},
}
@book{Hunt1997,
address = {Rio de Janeiro},
author = {Huntington, Samuel},
pages = {447},
publisher = {Objetiva},
title = {O Choque das Civilizações e a Nova Ordem Mundial},
isbn = {85-730-2130-6},
year = {1997},
}
@article{Atlantic,
address = {Washington D.C.},
author = {Wilson, James Q and Kelling, George L},
publisher = {Atlantic Monthly},
number = {3},
title = {Broken Windows: The police and neighborhood safety},
volume = {289},
year = {1982},
}
@article{Beato,
	address = {Rio de Janeiro},
	author = {Beato, Cláudio},
	number = {9},
	title = {Crime e Cidades},
	pages = {74},
	ISSN = {2177-2312},
	publisher = {Observatório das Metrópoles},
	year = {2012},
}
@article{Katzman,
	address = {Santiago},
	author = {Katzman, Rubens},
	number = {75},
	title = {SEDUCIDOS Y ABANDONADOS: EL AISLAMIENTO SOCIAL DE LOS POBRES URBANOS},
	pages = {243},
	ISBN = {9213219326},
	publisher = {CEPAL},
	year = {2001},
}
@book{CF88,
author = {BRASIL},
address = {Brasília, DF},
isbn = {978-85-736-5934-4},
pages = {454},
publisher = {Câmara dos Deputados, Edições Câmara},
title = {Constituição da República Federativa do Brasil : texto constitucional promulgado em 5 de outubro de 1988.},
year = {2012},
}
@book{Rawls,
author = {Rawls, John},
isbn = {978-85-336-2388-0},
pages = {764},
publisher = {Martins Fontes},
title = {Uma Teoria da Justiça},
year = {2008},
edition = {3},
address = {São Paulo},
}
@book{Coitinho,
	author = {Coitinho, Denis},
	title = {Éticas Neocontratualistas},
	booktitle = {Manual de Ética - Questões de ética teórica e aplicada},
	year = {2014},
	bookauthor = {João Carlos Brum Torres},
	pages = {753},
	publisher = {Editora Vozes - Universidade Caxias do Sul - BNDES - Banco Nacional de Desenvolvimento Econômico e Social},
	address = {Rio de Janeiro},
	isbn = {978-85-326-4826-6},
}
@book{Weber,
	Author = {Weber, Max},
	title = {Economia e Sociedade: fundamentos da sociologia compreensiva},
	year = {2014},
	isbn = {978-85-230-0314-2},
	publisher = {Editora UNB},
	address = {Brasilia},
	volume = {1},
	pages = {422},
}
@article{Coutinho,
	author = {Coutinho,Jacinto Nelson de Miranda and Carvalho, Edward Rocha},
	title = {Teoria das janelas quebradas: e se a pedra vem de dentro?},
	url = {http://emporiododireito.com.br/tag/teoria-das-janelas-quebradas/},
	urlaccessdate = {10.5.2015},
	year = {2015},
}
@article{Pelegrini,
	author = {Pelegrini, Luis},
	title = {Janelas Quebradas: Uma teoria do crime que merece reflexão},
	url = {http://www.brasil247.com/pt/247/revista_oasis/116409/},
	urlaccessdate = {10.5.2015},
	year = {2013},
}
@book{Nalini,
	author = {Nalini, José Renato},
	isbn = {978-85-203-3517-8},
	pages = {544},
	publisher = {Revista dos Tribunais},
	title = {Ética Geral e Profissional},
	year = {2009},
	edition = {7},
	address = {São Paulo},
}
@article{Migalhas,
	author = {Torquato, Gaudêncio},
	title = {Porandubas Políticas},
	url = {http://www.migalhas.com.br/Porandubas/35,MI221933,11049-Porandubas+n+448},
	urlaccessdate = {17.6.2015},
	year = {2015},
}
@article{Braudel,
	address = {São Paulo},
	author = {Manso, B. P. and Faria, M. A. and Gall, N.},
	number = {37},
	title = {Democracia 3: Do `faroeste' para a vida civilizada na periferia de São Paulo Diadema},
	ISSN = {1981-6502},
	publisher = {Instituto Fernand Braudel de Economia Mundial},
	year = {2005},
}
@article{CTB,
	author = {BRASIL},
	publisher = {Congresso nacional},
	title = {Código de Trânsito Brasileiro},
	url = {http://www.planalto.gov.br/ccivil_03/leis/L9503Compilado.htm},
	urlaccessdate = {17.6.2015},
	year = {1997},
}
@article{IBGE,
	Author = {BRASIL},
	Publisher = {Instituto Brasileiro de Geografia e Estatística},
	title = {IBGE Cidades},
	url = {http://www.cidades.ibge.gov.br/xtras/temas.php?lang=&codmun=240810&idtema=16&search=||s%EDntese-das-informa%E7%F5es},
	urlaccessdate = {28.6.2015},
	year = {2014},
}	
@article{IPEA,
Author = {BRASIL},
Publisher = {Instituto de Pesquisas Econômicas e Aplicadas},
title = {Atlas do Desenvolvimento Humano do Brasil},
url = {http://www.atlasbrasil.org.br/2013/pt/perfil_m/3404#idh},
urlaccessdate = {28.6.2015},
year={2013},
}
@article{FGV,
	address = {São Paulo},
	author = {Cunha, L. G. and Bueno, R. L. S. and Oliveira, F. L. and Sampaio, J. L. and Ramos, L. O. and Macedo, G. H. S.},
	title = {Relatóŕio IPCL-Brasil - primeiro trimestre 2015},
	publisher = {Escola de Direito da Fundação Getúlio Vargas},
	pages = {35},
	year = {2015},
}
@book{Kelsen,
	author = {Kelsen, Hans},
	isbn = {857525096},
	pages = {509},
	publisher = {Sergio Antonio Fabris},
	title = {Teoria Geral das Normas},
	year = {1986},
	edition = {1},
	address = {Porto Alegre},
}
@article{Veja,
	author = {Castro, Cláudio de Moura},
	title = {Bagunça tóxica},
	url = {http://veja.abril.com.br/acervodigital/home.aspx},
	date = {19 de janeiro},
	address = {São Paulo},
	urlaccessdate = {10.7.2015},
	year = {2014},
}
@book{Matos,
		author = {MATOS, José Gilvomar R. and MATOS, Rosa Maria B. and ALMEIDA, Josimar Ribeiro de},
		publisher = {E-papers},
		title = {Análise do Ambiente Corporativo: do caos organizado ao planejamento},
		year = {2007},
		edition = {1},
		address = {Rio de Janeiro},
		ISBN = {8576501023},
}
@article{Barreto,
	author = {Barreto, Afonso Henriques de Lima},
	title = {Liga de Defesa Nacional},
	url = {http://www.dominiopublico.gov.br/pesquisa/DetalheObraForm.do?select_action=&co_obra=2171},
	year = {1919},
	urlaccessdate = {1.8.2015},
}
@book{Thoreau,
	author = {Thoreau, Henry David},
	isbn = {978-8525406149},
	pages = {88},
	publisher = {LP\&M},
	title = {A Desobediência Civil},
	year = {1997},
	edition = {1},
	address = {Porto Alegre},
}
@InCollection{sep-morality-definition,
	author       =	{Gert, Bernard},
	title        =	{The Definition of Morality},
	booktitle    =	{The Stanford Encyclopedia of Philosophy},
	editor       =	{Edward N. Zalta},
	howpublished =	{\url{http://plato.stanford.edu/archives/fall2015/entries/morality-definition/}},
	year         =	{2015},
	edition      =	{Fall 2015},
	urlaccessdate = {23.8.2015},
}
@InCollection{sep-ricoeur,
	author       =	{Dauenhauer, Bernard and Pellauer, David},
	title        =	{Paul Ricoeur},
	booktitle    =	{The Stanford Encyclopedia of Philosophy},
	editor       =	{Edward N. Zalta},
	howpublished =	{\url{http://plato.stanford.edu/archives/sum2014/entries/ricoeur/}},
	year         =	{2014},
	edition      =	{Summer 2014},
}
@book{Bezerra,
	author = {Bezerra, Tiago Souto and Aguirre, Moisés Alberto Calle and Freire, Flávio Henrique Miranda de A.},
	title = {A criminalidade violenta na Região Metropolitana de Natal},
	booktitle = {Homicídios nas regiões metropolitanas},
	year = {2013},
	bookauthor = {Luciana Teixeira de Andrade and Dalva Borges de Souza and	Flávio Henrique Miranda de A. Freire},
	pages = {430},
	publisher = {Letra Capital},
	address = {Rio de Janeiro},
	isbn = {978-85-7785-193-5},
}
@book{Kelling,
	author = {Kelling, George L. and Coles, Catherine M.},
	isbn = {978-068-8483738-3},
	publisher = {Simon\&Schuster},
	title = {Fixing Broken Windows - Restoring Order and Reducing Crime in Our Communities},
	year = {1997},
	edition = {1},
	address = {New York},
	pages = {319},
	}
@book{Aquino,
	author       =	{Aquino, Tomás de},
	title        =	{Suma Teológica},
	subtitle    =	{O homem é dotado de livre-arbítrio?},
	editor       =	{Loyola},
	volume 		= {II},
	ISBN 		= {85-15-15-02433-0},
	edition 	= {2},
	address 	= {São Paulo},
	year 		= {2005},
	pages 		= {895},
}
@book{Pessoa,
	author = {Pessoa, Zoraide Souza and Seixas, Sônia Regina da Cal and Marques, José Geraldo Wanderley},
	title = {Sociedade e Ambiente na Região Metropolitana de Natal, RN - Brasil},
	booktitle = {Sociedade e Ambiente: Território, Igualdade e Vulnerabilidade},
	year = {2014},
	organization = {Zoraide Souza Pessoa},
	pages = {280},
	publisher = {Livraria da Física},
	address = {São Paulo},
	isbn = {978-85-7861-241-2},
}
@book{Giddens,
	address = {Porto Alegre},
	author = {Giddens, Anthony},
	pages = {598},
	publisher = {Artmed},
	title = {Sociologia},
	isbn = {07-456-2310-7},
	year = {2001},
}
@book{Barros,
	author = {Barros, Terezinha C. de Albuquerque Neta},
	title = {Sociedade e Ambiente Político: atitudes e elementos para participação em Natal, RN},
	booktitle = {Sociedade e Ambiente: Território, Igualdade e Vulnerabilidade},
	year = {2014},
	organization = {Zoraide Souza Pessoa},
	pages = {280},
	publisher = {Livraria da Física},
	address = {São Paulo},
	isbn = {978-85-7861-241-2},
}
@article{CLP,
	author = {Farias, Robinson},
	title = {Programa de Governo da Coligação Liderados pelo Povo},
	url = {https://ptnatal.files.wordpress.com/2014/07/consolidaccca7acc83o_das_propostas_coligaccca7acc83o_liderados_pel-o_povo_1.pdf},
	urlaccessdate = {10.7.2015},
	year = {2015},
}
@book{Une,
	author = {UNESCO},
	institution = {Organização das Nações Unidas para a Educação, Saúde e Cultura},
	title = {Declaração dos Princípios sobre a Tolerância},
	url = {https://unesdoc.unesco.org/images/0013/001315/131524porb.pdf},
	urlaccessdate = {15.9.2015},
	year = {1997},
	pages = {21},
	publisher = {Universidade de São Paulo},
}
@book{Kenny,
	author = {Kenny, Anthony},
	pages = {500},
	publisher = {Temas e Debates},
	title = {História Concisa da Filosofia Ocidental},
	year = {1999},
	edition = {1},
	address = {Lisboa},
}
@book{Klein,
	author = {Kleiman, Paul},
	title = {Tudo o que você precisa saber sobre filosofia},
	year = {2014},
	address = {São Paulo},
	isbn = {978-85-7312-983-0},
	publisher = {Editora Gente - ebook Kindle},
}
@monography{Godoy,
	author	=	{Godoy, Moacir Hardt},
	title	=   {Entre o desvio, o crime e a tolerância zero: estudo da percepção 
	ao cumprimento das leis no município de Natal-RN},
	year	=	{2015},
	pages	=	{165},
	type	=	{Monografia em Gestão de Políticas Públicas},
	school	=	{Universidade Federal do Rio Grande do Norte},
	address	=	{Natal - RN},
}